@book { 
bsp:buchzitat,
title = "Titel",
author = "Hans Fischer and Heinz Kunz",
publisher = "Verlag",
year = "2011",
howpublished = "Buch"
}

@article{
bsp:artikelzitat,
year="2012",
journal="Beispiele für einen Artikel",
volume="54",
number="3",
title="Titel",
publisher="Verlag",
author="Franz Xaver and J. Klaas",
language="German"
}

@book { 
merschbacher:schafkopf,
title = "Schafkopf - Das anspruchsvolle Kartenspiel",
author = "Merschbacher, Adam",
publisher = "PLIZ",
year = "2009",
howpublished = "Buch"
}

@book { 
dilling:schafkopfen,
title = "Schafkopfen ist kein Glücksspiel - Ihre Gewinnchancen bei Sauspiel, Wenz, Solo und Tout",
author = "Dilling, Stefan",
publisher = "GRIN",
year = "2013",
howpublished = "Buch"
}