
@webpage{xstream:tutorial,
author = {XStream},
title = {XStream},
year = {2014},
url = {http://xstream.codehaus.org/tutorial.html},
note = {[Abruf 20.04.2014]}
}

@webpage{xpp3:xmlpull,
author = {XPP},
title = {MXP1: Xml Pull Parser 3rd Edition (XPP3)},
year = {2014},
url = {http://www.extreme.indiana.edu/xgws/xsoap/xpp/mxp1/index.html},
note = {[Abruf 20.04.2014]}
}

@webpage{wiki:xmlpullparser,
author = {Wikipedia},
title = {Extensible Markup Language},
year = {2014},
url = {http://de.wikipedia.org/wiki/Extensible\_Markup\_Language},
note = {[Abruf 20.04.2014]}
}

@webpage{wiki:mvc,
author = {Wikipedia},
title = {Model View Controller},
year = {2014},
url = {http://de.wikipedia.org/wiki/Model\_View\_Controller},
note = {[Abruf 20.04.2014]}
}

@webpage{openbook:mvc,
author = {Klaus M. Rodewig, Clemens Wagner},
title = {Model, View und Controller},
year = {2014},
url = {http://openbook.galileocomputing.de/apps\_entwickeln\_fuer\_iphone\_und\_ipad/apps\_02\_003.html},
note = {[Abruf 20.04.2014]}
}

@webpage{openbook:multithreading_nebenlaeufigkeit,
author = {Christian Ullenboom},
title = {Nebenläufigkeit},
year = {2014},
url = {http://openbook.galileocomputing.de/javainsel9/javainsel\_14\_001.htm},
note = {[Abruf 20.04.2014]}
}

@webpage{openbook:multithreading_erzeugen,
author = {Christian Ullenboom},
title = {Threads erzeugen},
year = {2014},
url = {http://openbook.galileocomputing.de/javainsel9/javainsel\_14\_002.htm},
note = {[Abruf 20.04.2014]}
}

@webpage{openbook:multithreading_synchronisation,
author = {Christian Ullenboom},
title = {Synchronisation über kritische Abschnitte},
year = {2014},
url = {http://openbook.galileocomputing.de/javainsel9/javainsel\_14\_005.htm},
note = {[Abruf 20.04.2014]}
}

@webpage{wiki:binomialkoeffizient,
author = {Wikipedia},
title = {Binomialkoeffizien},
year = {2014},
url = {http://de.wikipedia.org/wiki/Binomialkoeffizient},
note = {[Abruf 21.04.2014]}
}