@book { 
bsp:buchzitat,
title = "Titel",
author = "Hans Fischer and Heinz Kunz",
publisher = "Verlag",
year = "2011",
howpublished = "Buch"
}