@misc{bsp:weblinkzitat,
   author = "Wikipedia",
   title = "Titel",
   url = "http://www.wikipedia.de",
   year = "2013",
   note = "[Abruf 31. August 2013]"
 }